@article{fahl1993amos,
	title={AMOS-An Architecture for Active Mediators},
	author={Fahl, Gustav and Risch, Tore and Sk{\"o}ld, Martin},
	year={1993}
}

@article{ravichandranworkbench,
	title={A Workbench for Quantitative Comparison of Databases in Multi-Robot Applications},
	author={Ravichandran, Rubanraj and Huebel, Nico and Blumenthal, Sebastian and Prassler, Erwin},
	year={2018}
}

@article{ahmed1991pegasus,
	title={The Pegasus heterogeneous multidatabase system},
	author={Ahmed, Rafi and DeSmedt, Philippe and Du, Weimin and Kent, William and Ketabchi, Mohammad A. and Litwin, Witold A and Rafii, Abbas and Shan, M-C},
	journal={Computer},
	volume={24},
	number={12},
	pages={19--27},
	year={1991},
	publisher={IEEE}
}

@article{chawathe1994tsimmis,
	title={The TSIMMIS project: Integration of heterogenous information sources},
	author={Chawathe, Sudarshan and Garcia-Molina, Hector and Hammer, Joachim and Ireland, Kelly and Papakonstantinou, Yannis and Ullman, Jeffrey and Widom, Jennifer},
	year={1994}
}

@inproceedings{shoens1993rufus,
	title={The Rufus system: Information organization for semi-structured data},
	author={Shoens, Kurt and Luniewski, Allen and Schwarz, Peter and Stamos, Jim and Thomas, Joachim}
}

@inproceedings{papakonstantinou1996medmaker,
	title={Medmaker: A mediation system based on declarative specifications},
	author={Papakonstantinou, Yannis and Garcia-Molina, Hector and Ullman, Jeffrey},
	booktitle={Data Engineering, 1996. Proceedings of the Twelfth International Conference on},
	pages={132--141},
	organization={IEEE}
}

@article{arens1996query,
	title={Query processing in the sims information mediator},
	author={Arens, Yigal and Hsu, Chun-Nan and Knoblock, Craig A}
}

@article{su2014connecting,
	title={Connecting IoT sensors to knowledge-based systems by transforming SenML to RDF},
	author={Su, Xiang and Zhang, Hao and Riekki, Jukka and Ker{\"a}nen, Ari and Nurminen, Jukka K and Du, Libin},
	journal={Procedia Computer Science},
	volume={32},
	pages={215--222},
	year={2014},
	publisher={Elsevier}
}

@inproceedings{charpenay2018towards,
	title={Towards a Binary Object Notation for RDF},
	author={Charpenay, Victor and K{\"a}bisch, Sebastian and Kosch, Harald},
	booktitle={European Semantic Web Conference},
	pages={97--111},
	year={2018},
	organization={Springer}
}

@misc{misc01,
	author = {BBC},
	title  = {Hacked Jeep USB update criticised},
	year = {2015}, 
	note = {\url{https://www.bbc.com/news/technology-34156598} [Online; accessed 01-August-2018]}
}

@misc{misc02,
	author = {Will Howard},
	title  = {Caching With GraphQL: What Are The Best Options?},
	year = {2018}, 
	note = {\url{https://blog.usejournal.com/caching-with-graphql-what-are-the-best-options-e161b0f20e59} [Online; accessed 11-March-2019]}
}

@misc{misc03,
	author = {Netflix},
	title  = {One Model Everywhere}, 
	note = {\url{https://netflix.github.io/falcor/starter/what-is-falcor.html} [Online; accessed 11-March-2019]}
}

@misc{misc04,
	author = {Jonas Helfer},
	title  = {GraphQL vs. Falcor}, 
	year = {2016}
	note = {\url{https://blog.apollographql.com/graphql-vs-falcor-4f1e9cbf7504} [Online; accessed 10-March-2019]}
}

@misc{misc05,
	author = {GraphQL},
	title  = {Server Libraries}, 
	note = {\url{https://graphql.org/code/} [Online; accessed 11-March-2019]}
}

@misc{misc06,
	author = {Meteor},
	title  = {GraphQL vs Falcor}, 
	note = {\url{https://www.meteor.com/articles/graphql-vs-falcor} [Online; accessed 09-March-2019]}
}

@misc{cederlund2016performance,
	title={Performance of frameworks for declarative data fetching: an evaluation of Falcor and Relay+ GraphQL},
	author={Cederlund, Mattias},
	year={2016}
}

@misc{misc07,
	author = {W3},
	title  = {Linked Data Glossary}, 
	note = {\url{https://www.w3.org/TR/ld-glossary/\#internationalized-resource-identifier} [Online; accessed 13-March-2019]}
}

@misc{misc08,
	author = {Wikipedia},
	title  = {Data model}, 
	note = {\url{https://en.wikipedia.org/wiki/Data\_model} [Online; accessed 13-March-2019]}
}

@misc{misc09,
	author = {Wikipedia},
	title  = {Database schema}, 
	note = {\url{https://en.wikipedia.org/wiki/Database\_schema} [Online; accessed 14-March-2019]}
}

@misc{misc10,
	author = {Wikipedia},
	title  = {Federated database system}, 
	note = {\url{https://en.wikipedia.org/wiki/Federated\_database\_system} [Online; accessed 15-March-2019]}
}

@misc{misc11,
	author = {Docker},
	title  = {Docker overview}, 
	note = {\url{https://docs.docker.com/engine/docker-overview/} [Online; accessed 15-March-2019]}
}

@misc{misc12,
	author = {Wikipedia},
	title  = {Data abstraction levels}, 
	note = {\url{https://en.wikipedia.org/wiki/File:Data\_abstraction\_levels.png} [Online; accessed 17-March-2019]}
}

@misc{misc13,
	author = {Francis Galiegue, Kris Zyp, Gary Court},
	title  = {JSON Schema: core definitions and terminology}, 
	year = {2013},
	note = {\url{http://json-schema.org/draft-04/json-schema-core.html} [Online; accessed 17-March-2019]}
}

@misc{misc14,
	author = {Docker},
	title  = {Docker architecture},
	note = {\url{https://docs.docker.com/engine/images/architecture.svg} [Online; accessed 18-March-2019]}
}

@misc{misc15,
	author = {agilemodeling},
	title  = {Feature Driven Development (FDD) and Agile Modeling},
	note = {\url{http://agilemodeling.com/essays/fdd.htm} [Online; accessed 19-March-2019]}
}

@misc{misc16,
	author = {nickjanetakis},
	year = {2017},
	title  = {The 3 Biggest Wins When Using Alpine as a Base Docker Image},
	note = {\url{https://nickjanetakis.com/blog/the-3-biggest-wins-when-using-alpine-as-a-base-docker-image} [Online; accessed 19-March-2019]}
}

@misc{misc17,
	author = {smashicons \url{https://smashicons.com/},freepik \url{https://www.freepik.com/}, eucalyp \url{https://creativemarket.com/eucalyp}, prosymbols},
	title  = {Mechanical arm free icon, Industrial robot free icon, Robotic arm free icon, Api free icon},
	note = {These four icons are being used in mediator component architecture diagram in this research work and the icons are downloaded from \url{www.flaticon.com} [Online; accessed 19-March-2019]}
}

@misc{misc18,
	author = {Facebook},
	year = {2016},
	title  = {GraphQL Logo},
	note = {\url{https://upload.wikimedia.org/wikipedia/commons/thumb/1/17/GraphQL\_Logo.svg/2000px-GraphQL\_Logo.svg.png} [Online; accessed 19-March-2019]}
}

@inproceedings{kaul1990viewsystem,
	title={Viewsystem: Integrating heterogeneous information bases by object-oriented views},
	author={Drosten, Klaus and Kaul, Manfred and Neuhold, Erich J},
	booktitle={[1990] Proceedings. Sixth International Conference on Data Engineering},
	pages={2--10},
	year={1990},
	organization={IEEE}
}

@inproceedings{article02,
	title={Ros meets cassandra: Data management in smart environments with nosql},
	author={Dietrich, Andr{\'e} and Mohammad, Siba and Zug, Sebastian and Kaiser, J{\"o}rg}
}

@article{article03,
	title={Benchmarking of Relational and NoSQL Databases to Determine Constraints for Querying Robot Execution Logs},
	author={Fiannaca, Alexander J and Huang, Justin}
}

@INPROCEEDINGS{article04, 
	author={D. Fourie and S. Claassens and S. Pillai and R. Mata and J. Leonard}, 
	booktitle={2017 IEEE International Conference on Robotics and Automation (ICRA)}, 
	title={SLAMinDB: Centralized graph databases for mobile robotics}, 
	year={2017}, 
	volume={}, 
	number={}, 
	pages={6331-6337}, 
	keywords={SLAM (robots);control engineering computing;database management systems;graph theory;mobile robots;SLAMinDB;centralized graph databases;complex inference schemas;experience-based learning;key-value store;long-term autonomy;memory recall mechanisms;mobile robotics;multimodal simultaneous localization and mapping;online situationally-aware robot states;persistence model;queryable graph-database;shared centralized data persistence layer;Computer architecture;Navigation;Relational databases;Simultaneous localization and mapping}, 
	doi={10.1109/ICRA.2017.7989749}, 
	ISSN={}, 
	month={May},}
