@INPROCEEDINGS{ganesan, 
	author={H. A. Odat and S. Ganesan and others}, 
	booktitle={IEEE International Conference on Electro/Information Technology}, 
	title={Firmware over the air for automotive, Fotamotive}, 
	year={2014}, 
	volume={}, 
	number={}, 
	pages={130-139}, 
	keywords={automobiles;automotive electronics;cloud computing;firmware;firmware over the air for automotive;FOTAMOTIVE;automotive industry;vehicle electronics;user demand features;system updates;vehicle updates;OEM;vehicles fleet;vehicle ECU;process flow chart;system components;vehicle cloud management;Vehicles;Software;Portals;Servers;Automotive engineering;Industries;Computer architecture}, 
	doi={10.1109/EIT.2014.6871751}, 
	ISSN={2154-0373}, 
	month={June},}

@INPROCEEDINGS{moorits, 
	author={E. Moorits and G. Jervan and others}, 
	booktitle={OCEANS 2010 MTS/IEEE SEATTLE}, 
	title={Low resource demanding FOTA method for remote AtoN site equipment}, 
	year={2010}, 
	volume={}, 
	number={}, 
	pages={1-5}, 
	keywords={firmware;marine communication;microcontrollers;radionavigation;telecommunication channels;firmware;telematics system;FOTA method;communication channel;microcontroller;marine AtoN system;aids to navigation;Microprogramming;Servers;Ground penetrating radar;GSM;Microcontrollers;Telematics;Loading}, 
	doi={10.1109/OCEANS.2010.5664107}, 
	ISSN={0197-7385}, 
	month={Sept},}

@INPROCEEDINGS{nilsson, 
	author={D. K. Nilsson and L. Sun and T. Nakajima}, 
	booktitle={2008 IEEE Globecom Workshops}, 
	title={A Framework for Self-Verification of Firmware Updates over the Air in Vehicle ECUs}, 
	year={2008}, 
	volume={}, 
	number={}, 
	pages={1-5}, 
	keywords={automotive electronics;cryptography;firmware;program verification;virtual machines;self-verification;vehicle ECU;firmware updates over the air;virtualization techniques;automobile manufacturers;Microprogramming;Vehicles;Protocols;Control systems;Security;Computer science;Automotive engineering;Read only memory;Portals;Sun}, 
	doi={10.1109/GLOCOMW.2008.ECP.56}, 
	ISSN={2166-0077}, 
	month={Nov},}

@inproceedings{Gemmell20021P,
	title={The PGM Reliable Multicast Protocol},
	author={Jim Gemmell and Todd Montgomery and Talarian and Tony Speakman and Nidhi Bhaskar and Jon A Crowcroft},
	year={2002}
}

@inproceedings{cohen2003incentives,
	title={Incentives build robustness in BitTorrent},
	author={Cohen, Bram},
	booktitle={Workshop on Economics of Peer-to-Peer systems},
	volume={6},
	pages={68--72},
	year={2003}
}

@article{lee2016blockchain,
	title={Blockchain-based secure firmware update for embedded devices in an Internet of Things environment},
	author={Lee, Boohyung and Lee, Jong-Hyouk and others},
	journal={The Journal of Supercomputing},
	volume={3},
	number={73},
	pages={1152--1167},
	year={2016}
}

@INPROCEEDINGS{marrone, 
	author={L. Marrone and M. C. Abeledo and others}, 
	booktitle={Electronics, Robotics and Automotive Mechanics Conference (CERMA 2007)}, 
	title={PGM Protocol-- Pragmatic General Multicast Its application in file transfer service}, 
	year={2007}, 
	volume={}, 
	number={}, 
	pages={15-20}, 
	keywords={computer communications software;protocols;PGM protocol;pragmatic general multicast;file transfer service;secure file transfer;specific file transfer;TCP conventional technology;Multicast protocols;Forward error correction;Scalability;Delay;Scanning probe microscopy;Packaging;TCPIP;Robots;Automotive engineering;Laboratories}, 
	doi={10.1109/CERMA.2007.4367654}, 
	ISSN={}, 
	month={Sept},}

@article{herry2018peer,
	title={Peer-to-Peer Secure Updates for Heterogeneous Edge Devices},
	author={Herry, Herry and Band, Emily and Perkins, Colin and Singer, Jeremy}
}

@misc{misc01,
	author = {BBC},
	title  = {Hacked Jeep USB update criticised},
	year = {2015}, 
	note = {\url{https://www.bbc.com/news/technology-34156598} [Online; accessed 01-August-2018]}
}

@misc{misc02,
	author = {WhatIs},
	title  = {Pareto principle},
	year = {2013}, 
	note = {\url{https://whatis.techtarget.com/definition/Pareto-principle} [Online; accessed 10-August-2018]}
}

@misc{bittorrent_arch,
	author = {Stephen Knox, Diarmaid O'Cearuil, Nicola Scott Holland and Ljiljana Skrba},
	title  = {BitTorrent},
	note = {\url{http://ntrg.cs.tcd.ie/undergrad/4ba2.05/group4/index.html} [Online; accessed 10-August-2018]}
}

@misc{misc03,
	author = {AWS},
	title  = {Amazon FreeRTOS Over the Air Updates},
	year = {2018}, 
	note = {\url{https://github.com/awsdocs/aws-freertos-docs/blob/master/doc_source/freertos-ota-dev.md} [Online; accessed 05-August-2018]}
}

@misc{misc04,
	author = {AWS},
	title  = {OTA Updates of AWS Greengrass Core Software},
	year = {2018}, 
	note = {\url{https://docs.aws.amazon.com/greengrass/latest/developerguide/core-ota-update.html} [Online; accessed 05-August-2018]}
}

@misc{misc05,
	author = {Cameron Skinner, Doug Seven},
	title  = {Azure IoT: Complete Cloud Offerings for the IoT Revolution},
	year = {2016}, 
	note = {\url{https://channel9.msdn.com/Events/Build/2016/B815} [Online; accessed 07-August-2018]}
}

@misc{misc06,
	author = {Particle},
	title  = {Particle io docs},
	year = {2018}, 
	note = {\url{https://docs.particle.io/guide/getting-started/intro/} [Online; accessed 12-August-2018]}
}

@misc{misc07,
	author = {Resin.io},
	title  = {Resin.io},
	year = {2018}, 
	note = {\url{https://docs.resin.io/reference/OS/overview/2.x/} [Online; accessed 15-August-2018]}
}

@misc{misc08,
	author = {Resin.io},
	title  = {Deploy to your fleet},
	year = {2018}, 
	note = {\url{https://docs.resin.io/learn/deploy/deployment/} [Online; accessed 15-August-2018]}
}

@misc{misc09,
	author = {Mender.io},
	title  = {Mender deployment architecture},
	year = {2018}, 
	note = {\url{https://docs.mender.io/1.5/architecture/overview} [Online; accessed 15-August-2018]}
}

@misc{misc10,
	author = {Eclipse hawkBit},
	title  = {Eclipse hawkBit},
	year = {2018}, 
	note = {\url{https://www.eclipse.org/hawkbit/} [Online; accessed 20-August-2018]}
}

@misc{misc11,
	author = {CPSwarm},
	title  = {CPSwarm},
	year = {2018}, 
	note = {\url{https://www.cpswarm.eu/} [Online; accessed 29-August-2018]}
}



